%containing a complete list of books and other publications that are either explicitly referred to in the text, or which are recommended for further reading on the topic

@book{cormen2009introduction,
  title={Introduction to algorithms},
  author={Cormen, Thomas H},
  year={2009},
  publisher={MIT press}
}